@online{xbngyrqiie2020,
 author = {国务院办公厅},
 title  = {新能源汽车产业发展规划（2021—2035年）},
 year = {2020},
 month = dec,
 day = {28},
 url = {https://www.gov.cn/zhengce/content/2020-11/02/content_5556716.htm},
 note= {}
}

@inproceedings{RadarRobotCarDatasetICRA2020,
  author = {Dan Barnes and Matthew Gadd and Paul Murcutt and Paul Newman and Ingmar Posner},
  title = {The Oxford Radar RobotCar Dataset: A Radar Extension to the Oxford RobotCar Dataset},
  booktitle = {Proceedings of the IEEE International Conference on Robotics and Automation}, 
  url = {https://arxiv.org/abs/1909.01300},
  pdf = {https://arxiv.org/pdf/1909.01300.pdf},
  pages={6433-6438},
  year = {2020}
}

@article{ColoRadar,
author = {Andrew Kramer and Kyle Harlow and Christopher Williams and Christoffer Heckman},
title ={ColoRadar: The direct 3D millimeter wave radar dataset},
journal = {The International Journal of Robotics Research},
volume = {41},
number = {4},
pages = {351--360},
year = {2022}
}
@INPROCEEDINGS{R-CNN-CFAR,
  author={Kang, Miao and Leng, Xiangguang and Lin, Zhao and Ji, Kefeng},
  booktitle={Proceedings of the 2017 International Workshop on Remote Sensing with Intelligent Processing}, 
  title={A modified faster R-CNN based on CFAR algorithm for SAR ship detection}, 
  year={2017},
  pages={1-4},
  }

@INPROCEEDINGS{DL-CFAR,
  author={Lin, Chia-Hung and Lin, Yu-Chien and Bai, Yue and Chung, Wei-Ho and Lee},
  booktitle={Proceedings of the 90th Vehicular Technology Conference }, 
  title={DL-CFAR: A Novel CFAR Target Detection Method Based on Deep Learning}, 
  year={2019},
  pages={1-6},
  keywords={Signal to noise ratio;Noise level;Training;Biological neural networks;Deep learning;Estimation},
  }


@INPROCEEDINGS{CNN-CFAR,
  author={Yavuz, Faruk},
  booktitle={Proceedings of the 29th European Signal Processing Conference}, 
  title={Radar Target Detection with CNN}, 
  year={2021},
  pages={1581-1585}
}



@ARTICLE{DNN-CFAR,
  author={Cao, Zhihui and Fang, Wenwei and Song, Yuying and He, Lai and Song, Chunyi and Xu, Zhiwei},
  journal={IEEE Transactions on Geoscience and Remote Sensing}, 
  title={DNN-Based Peak Sequence Classification CFAR Detection Algorithm for High-Resolution FMCW Radar}, 
  year={2022},
  volume={60},
  pages={1-15}
 }

@ARTICLE{WangCFAR,
  author={Wang, Xueqian and Li, Gang and Zhang, Xiao-Ping and He, You},
  journal={IEEE Signal Processing Letters}, 
  title={A Fast CFAR Algorithm Based on Density-Censoring Operation for Ship Detection in SAR Images}, 
  year={2021},
  volume={28},
  pages={1085-1089}
}

@article{trunk1978range,
  title={Range Resolution of Targets Using Automatic Detectors},
  author={Trunk, Gerard V},
  journal={IEEE Transactions on Aerospace and Electronic Systems},
  number={5},
  pages={750--755},
  year={1978},
  publisher={IEEE}
}
@ARTICLE{OS-CFAR,
  author={Rohling, Hermann},
  journal={IEEE Transactions on Aerospace and Electronic Systems}, 
  title={Radar CFAR Thresholding in Clutter and Multiple Target Situations}, 
  year={1983},
  volume={AES-19},
  number={4},
  pages={608-621},
  keywords={Radar clutter;Radar detection;Object detection;Radar signal processing;Statistics;Signal design;Image processing;Traffic control;Signal detection;Radar applications},
}


@Article{sym11121482,
AUTHOR = {Zhao, Jiafei and Jiang, Rongkun and Wang, Xuetian and Gao, Hongmin},
TITLE = {Robust CFAR Detection for Multiple Targets in K-Distributed Sea Clutter Based on Machine Learning},
JOURNAL = {Symmetry},
VOLUME = {11},
YEAR = {2019},
NUMBER = {12},
pages           = {1482},
}

@INPROCEEDINGS{10161429,
  author={Prabhakara, Akarsh and Jin, Tao and Das, Arnav and Bhatt, Gantavya and Kumari, Lilly and Soltanaghai, Elahe and Bilmes, Jeff and Kumar, Swarun and Rowe, Anthony},
  booktitle={2023 IEEE International Conference on Robotics and Automation}, 
  title={High Resolution Point Clouds from mmWave Radar}, 
  year={2023},
  pages={4135-4142},
  }

@INPROCEEDINGS{8967633,
  author={Park, Yeong Sang and Kim, Joowan and Kim, Ayoung},
  booktitle={2019 IEEE/RSJ International Conference on Intelligent Robots and Systems}, 
  title={Radar Localization and Mapping for Indoor Disaster Environments via Multi-modal Registration to Prior LiDAR Map}, 
  year={2019},
  pages={1307-1314},
  }

@Article{rs16030523,
AUTHOR = {Luo, Yangao and Deng, Yunkai and Xiang, Wei and Zhang, Heng and Yang, Congrui and Wang, Longxiang},
TITLE = {Radargrammetric 3D Imaging through Composite Registration Method Using Multi-Aspect Synthetic Aperture Radar Imagery},
JOURNAL = {Remote Sensing},
VOLUME = {16},
YEAR = {2024},
NUMBER = {3}
}


@INPROCEEDINGS{mmSCALE,
  author={Shastri, Anish and Canil, Marco and Pegoraro, Jacopo and Casari, Paolo and Rossi, Michele},
  booktitle={2022 IEEE Radar Conference}, 
  title={mmSCALE: Self-Calibration of mmWave Radar Networks from Human Movement Trajectories}, 
  year={2022},
  pages={1-6},
  }

@INPROCEEDINGS{9827800,
  author={Chen, Hongyu and Cheng, Yuwei and Liu, Yimin},
  booktitle={2022 IEEE 12th Sensor Array and Multichannel Signal Processing Workshop }, 
  title={Marker-based Localization for Automated Parking Using Automotive Radar Point Cloud}, 
  year={2022},
  pages={306-310},
  }

@ARTICLE{9318535,
  author={Li, Jiayuan and Hu, Qingwu and Ai, Mingyao},
  journal={IEEE Transactions on Geoscience and Remote Sensing}, 
  title={Point Cloud Registration Based on One-Point RANSAC and Scale-Annealing Biweight Estimation}, 
  year={2021},
  volume={59},
  number={11},
  pages={9716-9729},
  }
@ARTICLE{9823311,
  author={Cheng, Yuwei and Su, Jingran and Jiang, Mengxin and Liu, Yimin},
  journal={IEEE Transactions on Robotics}, 
  title={A Novel Radar Point Cloud Generation Method for Robot Environment Perception}, 
  year={2022},
  volume={38},
  number={6},
  pages={3754-3773},
  }

@InProceedings{Yew_2020_CVPR,
author = {Yew, Zi Jian and Lee, Gim Hee},
title = {RPM-Net: Robust Point Matching Using Learned Features},
booktitle = {Proceedings of the IEEE/CVF Conference on Computer Vision and Pattern Recognition},
year = {2020},
pages = {11821--11830},

}

@article{besl1992method,
  author       = {Paul J. Besl and
                  Neil D. McKay},
  title        = {A Method for Registration of 3-D Shapes},
  journal      = {IEEE Transactions on Pattern Analysis and Machine Intelligence},
  volume       = {14},
  number       = {2},
  pages        = {239--256},
  year         = {1992}
}


@ARTICLE{4102829,
  author={Rohling, Hermann},
  journal={IEEE Transactions on Aerospace and Electronic Systems}, 
  title={Radar CFAR Thresholding in Clutter and Multiple Target Situations}, 
  year={1983},
  volume={AES-19},
  number={4},
  pages={608-621},
  }
@ARTICLE{7185,
  author={Gandhi, P.P. and Kassam, S.A.},
  journal={IEEE Transactions on Aerospace and Electronic Systems}, 
  title={Analysis of CFAR Processors in Nonhomogeneous Background}, 
  year={1988},
  volume={24},
  number={4},
  pages={427-445},
  }


@book{richards2010principles,
  title={Principles of Modern Radar: Basic principles},
  author={Richards, Mark A and Scheer, Jim and Holm, William A and Melvin, William L},
  year={2010},
  pages= {495--554},
  publisher={Citeseer}
}

@article{mata2015mlp,
  author       = {David de la Mata{-}Moya and
                  Nerea del{-}Rey{-}Maestre and
                  V{\'{\i}}ctor M. Pel{\'{a}}ez{-}S{\'{a}}nchez and
                  Mar{\'{\i}}a{-}Pilar Jarabo{-}Amores and
                  Jaime Martin{-}de{-}Nicolas},
  title        = {{MLP-CFAR} for Improving Coherent Radar Detectors Robustness in Variable Scenarios},
  journal      = {Expert Syst. Appl.},
  volume       = {42},
  number       = {11},
  pages        = {4878--4891},
  year         = {2015}
}

@article{DBLP:journals/eswa/Mata-MoyadPJM15,
  author       = {David de la Mata{-}Moya and
                  Nerea del{-}Rey{-}Maestre and
                  V{\'{\i}}ctor M. Pel{\'{a}}ez{-}S{\'{a}}nchez and
                  Mar{\'{\i}}a{-}Pilar Jarabo{-}Amores and
                  Jaime Martin{-}de{-}Nicolas},
  title        = {{MLP-CFAR} for improving coherent radar detectors robustness in variable
                  scenarios},
  journal      = {Expert Syst. Appl.},
  volume       = {42},
  number       = {11},
  pages        = {4878--4891},
  year         = {2015},
}


@inproceedings{akhtar2021training,
  author       = {Jabran Akhtar},
  title        = {Training of Neural Network Target Detectors Mentored by {SO-CFAR}},
  booktitle    = {28th European Signal Processing Conference},
  pages        = {1522--1526},
  year         = {2020},
}

@article{schubert2017dbscan,
  title={DBSCAN Revisited, Revisited: Why and How You Should (Still) Use DBSCAN},
  author={Schubert, Erich and Sander, J{\"o}rg and Ester, Martin and Kriegel, Hans Peter and Xu, Xiaowei},
  journal={ACM Transactions on Database Systems},
  volume={42},
  number={3},
  pages={1--21},
  year={2017},
  publisher={ACM New York, NY, USA}
}

@article{agatonovic2000basic,
  title={Basic concepts of artificial neural network (ANN) modeling and its application in pharmaceutical research},
  author={Agatonovic-Kustrin, S and Beresford, Rosemary},
  journal={Journal of pharmaceutical and biomedical analysis},
  volume={22},
  number={5},
  pages={717--727},
  year={2000},
  publisher={Elsevier}
}
@article{ma2014robust,
  title={Robust Point Matching via Vector Field Consensus},
  author={Ma, Jiayi and Zhao, Ji and Tian, Jinwen and Yuille, Alan L and Tu, Zhuowen},
  journal={IEEE Transactions on Image Processing},
  volume={23},
  number={4},
  pages={1706--1721},
  year={2014},
  publisher={IEEE}
}
@inproceedings{he2016deep,
  title={Deep Residual Learning for Image Recognition},
  author={He, Kaiming and Zhang, Xiangyu and Ren, Shaoqing and Sun, Jian},
  booktitle={IEEE/CVF conference on computer vision and pattern recognition},
  pages={770--778},
  year={2016}
}

@inproceedings{vaswani2017attention,
  author       = {Ashish Vaswani and
                  Noam Shazeer and
                  Niki Parmar and
                  Jakob Uszkoreit and
                  Llion Jones and
                  Aidan N. Gomez and
                  Lukasz Kaiser and
                  Illia Polosukhin},
  title        = {Attention is All you Need},
  booktitle    = {Proceedings of the 30th Annual Conference on Neural Information Processing Systems},
  pages        = {5998--6008},
  year         = {2017},
}

@INPROCEEDINGS{4043676,
  author={Finn, Harold M.},
  booktitle={Fifth Symposium on Adaptive Processes}, 
  title={Adaptive Detection in Clutter}, 
  year={1966},
  pages={562-567},
  }

@ARTICLE{4102285,
  author={Hansen, V. Gregers and Sawyers, James H.},
  journal={IEEE Transactions on Aerospace and Electronic Symposium}, 
  title={Detectability Loss Due to Greatest Of Selection in a Cell-Averaging CFAR}, 
  year={1980},
  volume={AES-16},
  number={1},
  pages={115-118},
}
@article{grisetti2010tutorial,
  title={A Tutorial on Graph-Based SLAM},
  author={Grisetti, Giorgio and K{\"u}mmerle, Rainer and Stachniss, Cyrill and Burgard, Wolfram},
  journal={IEEE Intelligent Transportation Systems Magazine},
  volume={2},
  number={4},
  pages={31--43},
  year={2010},
  publisher={IEEE}
}
@inproceedings{brooker2005understanding,
  title={Understanding Millimetre Wave FMCW Radars},
  author={Brooker, Graham M and others},
  booktitle={Proceedings of the 1st international Conference on Sensing Technology},
  year={2005},
  pages = {152--157},
}
@article{lecun1989backpropagation,
  title={Backpropagation Applied to Handwritten Zip Code Recognition},
  author={LeCun, Yann and Boser, Bernhard and Denker, John S and Henderson, Donnie and Howard, Richard E and Hubbard, Wayne and Jackel, Lawrence D},
  journal={Neural computation},
  volume={1},
  number={4},
  pages={541--551},
  year={1989}
}
@article{atlas1973doppler,
  title={Doppler Radar Characteristics of Precipitation at Vertical Incidence},
  author={Atlas, David and Srivastava, RC and Sekhon, Rajinder S},
  journal={Reviews of Geophysics},
  volume={11},
  number={1},
  pages={1--35},
  year={1973},
  publisher={Wiley Online Library}
}

@ARTICLE{5432191,
  author={Myronenko, Andriy and Song, Xubo},
  journal={IEEE Transactions on Pattern Analysis and Machine Intelligence}, 
  title={Point Set Registration: Coherent Point Drift}, 
  year={2010},
  volume={32},
  number={12},
  pages={2262-2275}
}
@article{yao2007early,
  title={On early stopping in gradient descent learning},
  author={Yao, Yuan and Rosasco, Lorenzo and Caponnetto, Andrea},
  journal={Constructive Approximation},
  volume={26},
  pages={289--315},
  year={2007},
  publisher={Springer}
}

@inproceedings{hinterstoisser2016going,
  title={Going Further with Point Pair Features},
  author={Hinterstoisser, Stefan and Lepetit, Vincent and Rajkumar, Naresh and Konolige, Kurt},
  booktitle={Proceedings of 14th European Conference},
  pages={834--848},
  year={2016},
}

@inproceedings{bentley1990k,
  title={K-D Trees for Semidynamic Point Sets},
  author={Bentley, Jon Louis},
  booktitle={Proceedings of the 6th Annual symposium on Computational geometry},
  pages={187--197},
  year={1990}
}

@inproceedings{cuturi2013sinkhorn,
  author       = {Marco Cuturi},
  title        = {Sinkhorn Distances: Lightspeed Computation of Optimal Transport},
  booktitle    = {Proceedings of the 27th Annual Conference on Neural Information Processing Systems},
  pages        = {2292--2300},
  year         = {2013},
}

@article{kalman1996singularly,
  title={A Singularly Valuable Decomposition: The SVD of a Matrix},
  author={Kalman, Dan},
  journal={The college mathematics journal},
  volume={27},
  number={1},
  pages={2--23},
  year={1996},
  publisher={Taylor \& Francis}
}
@article{waters1982bandpass,
  title={Bandpass Signal Sampling and Voherent Detection},
  author={Waters, WM and Jarrett, BR},
  journal={IEEE Transactions on Aerospace and Electronic Systems},
  number={6},
  pages={731--736},
  year={1982},
  publisher={IEEE}
}
@article{wang1984fast,
  title={Fast algorithms for the discrete W transform and for the discrete Fourier transform},
  author={Wang, Zhongde},
  journal={IEEE Transactions on Acoustics, Speech, and Signal Processing},
  volume={32},
  number={4},
  pages={803--816},
  year={1984},
  publisher={IEEE}
}

@article{gu2000removal,
  title={Removal of DC offset in current and voltage signals using a novel Fourier filter algorithm},
  author={Gu, Jyh-Cherng and Yu, Sun-Li},
  journal={IEEE Transactions on Power Delivery},
  volume={15},
  number={1},
  pages={73--79},
  year={2000},
  publisher={IEEE}
}

@inproceedings{goutte2005probabilistic,
  title={A Probabilistic Interpretation of Precision, Recall and F-Score, with Implication for Evaluation},
  author={Goutte, Cyril and Gaussier, Eric},
  booktitle={Proceedings of the 27th European Conference on {IR} Research},
  pages={345--359},
  year={2005},
  organization={Springer}
}

@ARTICLE{4767189,
  author={Shore, John E. and Gray, Robert M.},
  journal={IEEE Transactions on Pattern Analysis and Machine Intelligence}, 
  title={Minimum Cross-Entropy Pattern Classification and Cluster Analysis}, 
  year={1982},
  volume={PAMI-4},
  number={1},
  pages={11-17}
  }

@inproceedings{qi2017pointnet++,
  author       = {Charles Ruizhongtai Qi and
                  Li Yi and
                  Hao Su and
                  Leonidas J. Guibas},
  title        = {PointNet++: Deep Hierarchical Feature Learning on Point Sets in a
                  Metric Space},
  booktitle    = {Proceedings of the 30th Annual Conference on Neural Information Processing Systems},
  pages        = {5099--5108},
  year         = {2017}
}

@inproceedings{wang2019deep,
  title={Deep Closest Point: Learning Representations for Point Cloud Registration},
  author={Wang, Yue and Solomon, Justin M},
  booktitle={Proceedings of the IEEE/CVF international conference on computer vision},
  pages={3523--3532},
  year={2019}
}

@article{ubeyli2005feature,
  title={Feature extraction from Doppler ultrasound signals for automated diagnostic systems},
  author={{\"U}beyl{\i}, Elif Derya and G{\"u}ler, {\.I}nan},
  journal={Computers in Biology and Medicine},
  volume={35},
  number={9},
  pages={735--764},
  year={2005},
  publisher={Elsevier}
}

@article{meta2007signal,
  title={Signal Processing for FMCW SAR},
  author={Meta, Adriano and Hoogeboom, Peter and Ligthart, Leo P},
  journal={IEEE Transactions on geoscience and remote sensing},
  volume={45},
  number={11},
  pages={3519--3532},
  year={2007},
  publisher={IEEE}
}

@article{DBLP:journals/tcas/GerstmairMOSH18,
  author       = {Michael Gerstmair and
                  Alexander Melzer and
                  Alexander Onic and
                  Rainer Stuhlberger and
                  Mario Huemer},
  title        = {Highly Efficient Environment for {FMCW} Radar Phase Noise Simulations
                  in {IF} Domain},
  journal      = {{IEEE} Trans. Circuits Syst. {II} Express Briefs},
  volume       = {65-II},
  number       = {5},
  pages        = {582--586},
  year         = {2018}
}

@article{rao2017introduction,
  title={Introduction to mmWave sensing: FMCW radars},
  author={Rao, Sandeep},
  journal={Texas Instruments (TI) mmWave Training Series},
  pages={1--11},
  volume       = {65-II},
  number       = {5},
  year={2017},
}

@article{matrosov2008assessment,
  title={Assessment of Radar Signal Attenuation Caused by the Melting Hydrometeor Layer},
  author={Matrosov, Sergey Y},
  journal={IEEE Transactions on Geoscience and Remote Sensing},
  volume={46},
  number={4},
  pages={1039--1047},
  year={2008},
  publisher={IEEE}
}

@article{luisier2010image,
  title={Image denoising in mixed Poisson--Gaussian noise},
  author={Luisier, Florian and Blu, Thierry and Unser, Michael},
  journal={IEEE Transactions on image processing},
  volume={20},
  number={3},
  pages={696--708},
  year={2010},
  publisher={IEEE}
}

@article{tam2012registration,
  title={Registration of 3D Point Clouds and Meshes: A Survey from Rigid to Nonrigid},
  author={Tam, Gary KL and Cheng, Zhi-Quan and Lai, Yu-Kun and Langbein, Frank C and Liu, Yonghuai and Marshall, David and Martin, Ralph R and Sun, Xian-Fang and Rosin, Paul L},
  journal={IEEE transactions on visualization and computer graphics},
  volume={19},
  number={7},
  pages={1199--1217},
  year={2012},
  publisher={IEEE}
}
@article{qian20203d,
  title={3D Point Cloud Generation with Millimeter-Wave Radar},
  author={Qian, Kun and He, Zhaoyuan and Zhang, Xinyu},
  journal={Proceedings of the ACM on Interactive Mobile Wearable and Ubiquitous Technologies},
  volume={4},
  number={4},
  pages={1--23},
  year={2020},
  publisher={ACM New York, NY, USA}
}

@article{cuisenaire1999fast,
  title={Fast Euclidean Distance Transformation by Propagation Using Multiple Neighborhoods},
  author={Cuisenaire, Olivier and Macq, Beno{\^\i}t},
  journal={Computer vision and Image understanding},
  volume={76},
  number={2},
  pages={163--172},
  year={1999},
  publisher={Elsevier}
}
@inproceedings{qi2017pointnet,
  title={PointNet: Deep Learning on Point Sets for 3D Classification and Segmentation},
  author={Qi, Charles R and Su, Hao and Mo, Kaichun and Guibas, Leonidas J},
  booktitle={Proceedings of the IEEE conference on computer vision and pattern recognition},
  pages={652--660},
  year={2017}
}
@INPROCEEDINGS{5540108,
  author={Drost, Bertram and Ulrich, Markus and Navab, Nassir and Ilic, Slobodan},
  booktitle={Proceedings of the 2010 IEEE Computer Society Conference on Computer Vision and Pattern Recognition}, 
  title={Model globally, match locally: Efficient and robust 3D object recognition}, 
  year={2010},
  pages={998-1005},
  }
@inproceedings{huang2019ccnet,
  title={Ccnet: Criss-cross attention for semantic segmentation},
  author={Huang, Zilong and Wang, Xinggang and Huang, Lichao and Huang, Chang and Wei, Yunchao and Liu, Wenyu},
  booktitle={IEEE/CVF international conference on computer vision},
  pages={603--612},
  year={2019}
}

@article{JSJX201909003,
 author = {张琮毅 and 魏子庄 and 徐昊文 and 陈毅松 and 汪国平},
 title = {尺度可变的快速全局点云配准方法},
 journal = {计算机学报},
 volume = {42},
 number = {09},
 pages = {1939-1952},
 year = {2019},
 }
@article{RJXB202304025,
 author = {王昌硕 and 王含 and 宁欣 and 田生伟 and 李卫军},
 title = {基于局部区域动态覆盖的3D点云分类方法},
 journal = {软件学报},
 volume = {34},
 number = {04},
 pages = {1962-1976},
 year = {2023}
 }

@article{DBLP:journals/cad/SongHDLY22,
  author       = {Yupeng Song and
                  Fazhi He and
                  Yansong Duan and
                  Yaqian Liang and
                  Xiaohu Yan},
  title        = {A Kernel Correlation-Based Approach to Adaptively Acquire Local Features
                  for Learning 3D Point Clouds},
  journal      = {Comput. Aided Des.},
  volume       = {146},
  number          = {1},
  pages        = {103196},
  year         = {2022},
}

@article{DBLP:journals/iotj/XiangMTYWGCKY24,
  author       = {Yutao Xiang and
                  Anzhen Mu and
                  Longzhen Tang and
                  Xiaobo Yang and
                  Gang Wang and
                  Shisheng Guo and
                  Guolong Cui and
                  Lingjiang Kong and
                  Xiaobo Yang},
  title        = {Person Identification Method Based on PointNet++ and Adversarial Network
                  for mmWave Radar},
  journal      = {{IEEE} Internet Things Journal},
  volume       = {11},
  number       = {6},
  pages        = {10104--10114},
  year         = {2024}
}
@inproceedings{DBLP:conf/kdd/EsterKSX96,
  author       = {Martin Ester and
                  Hans{-}Peter Kriegel and
                  J{\"{o}}rg Sander and
                  Xiaowei Xu},
  title        = {A Density-Based Algorithm for Discovering Clusters in Large Spatial
                  Databases with Noise},
  booktitle    = {Proceedings of the Second International Conference on Knowledge Discovery
                  and Data Mining, Portland},
  pages        = {226--231},
  year         = {1996},
}
@inproceedings{DBLP:conf/nips/KrizhevskySH12,
  author       = {Alex Krizhevsky and
                  Ilya Sutskever and
                  Geoffrey E. Hinton},
  title        = {ImageNet Classification with Deep Convolutional Neural Networks},
  booktitle    = {Proceedings of 26th Annual Conference on Neural Information Processing Systems},
  pages        = {1106--1114},
  year         = {2012},
}
@ARTICLE{cpd,
  author={Myronenko, Andriy and Song, Xubo},
  journal={IEEE Transactions on Pattern Analysis and Machine Intelligence}, 
  title={Point Set Registration: Coherent Point Drift}, 
  year={2010},
  volume={32},
  number={12},
  pages={2262-2275}
  }